<?xml version="1.0" encoding="UTF-8"?><collection xmlns="http://www.loc.gov/MARC21/slim"><record><leader>00562nam--2200193-i-4500</leader><controlfield tag="001">000000275</controlfield><controlfield tag="002">20161230</controlfield><controlfield tag="005">20161230201024</controlfield><controlfield tag="008">060222s1000------------r-----000-0-eng-d</controlfield><datafield ind1=" " ind2=" " tag="040"><subfield code="a">IFIN-HH</subfield></datafield><datafield ind1=" " ind2=" " tag="080"><subfield code="a">517.43:519.2</subfield></datafield><datafield ind1="1" ind2=" " tag="100"><subfield code="a">Sasieni, M</subfield></datafield><datafield ind1=" " ind2=" " tag="245"><subfield code="a">Operations research. methods and problems</subfield><subfield code="c">Maurice Sasieni; Arthur Yaspan; Lawrence Friedman</subfield></datafield><datafield ind1=" " ind2=" " tag="260"><subfield code="a">New York, John Willey, 1959</subfield></datafield><datafield ind1=" " ind2=" " tag="300"><subfield code="a">XI + 316 P</subfield></datafield><datafield ind1=" " ind2=" " tag="650"><subfield code="a">Industrial Management</subfield></datafield><datafield ind1=" " ind2=" " tag="700"><subfield code="a">Friedman Lawrence</subfield><subfield code="e">Joint Ahthor</subfield></datafield><datafield ind1=" " ind2=" " tag="852"><subfield code="a">15803</subfield><subfield code="c">519.2</subfield></datafield><datafield ind1=" " ind2=" " tag="CAT"><subfield code="a">Sys</subfield><subfield code="c">20100518</subfield><subfield code="h">105425</subfield></datafield></record></collection>